@book{outline,
  author    = {H. G. Wells}, 
  title     = {The Outline of History},
  publisher = {George Newnes},
  year      = 1920
}

@InCollection{sep-world-government,
	author       =	{Lu, Catherine},
	title        =	{World Government},
	booktitle    =	{The Stanford Encyclopedia of Philosophy},
	howpublished =	{\url{https://plato.stanford.edu/archives/win2016/entries/world-government/}},
	year         =	{2016}
}

@book{anatomyofpeace,
  author    = {Emery Reves}, 
  title     = {The Anatomy of Peace},
  publisher = {Penguin Books},
  year      = 1947
}

@book{zumewigenfrieden,
  author    = {Immanuel Kant}, 
  title     = {Zum ewigen Frieden},
  publisher = {Reclams Universal-Bibliothek},
  year      = 1984,
  %isbn      = {9783150015018}
}

@book{demokratischesweltparlament,
  author    = {Jo Leinen, Andreas Bummel}, 
  title     = {Das demokratische Weltparlament},
  publisher = {Dietz},
  year      = 2017,
  %isbn      = {9783942282130}
}

@book{privat,
  author    = {Edmond Privat}, 
  title     = {Federala Sperto},
  publisher = {Universala Ligo},
  year      = 1958
}

@book{glossop,
  author    = {Ronald J. Glossop}, 
  title     = {World Federation? A critical analysis of world government},
  publisher = {McFarland \& Company, Inc.},
  year      = 1993,
  %isbn      = {9780899508542}
}

@book{mazower,
  author    = {Mark Mazower}, 
  title     = {Governing the World: The History of an Idea, 1815 to the Present},
  publisher = {Penguin Books},
  year      = 2013,
  %isbn      = {9780143123941}
}

@book{lothian,
  author    = {Philip Henry Kerr Lothian}, 
  title     = {Pacifism is Not Enough, Nor Patriotism Either},
  publisher = {Clarendon Press},
  year      = 1935
}

@article{Russell195, 
  year = {1958},
  volume = {14},
  number = {7},
  pages = {259--261},
  author = {Bertrand Russell},
  title = {Only World Government Can Prevent the War Nobody Can Win},
  journal = {Bulletin of the Atomic Scientists}
}

@online{unpacampaign,
  author = {Democracy Without Borders},
  title = {Kampagne f√ºr ein Parlament bei der UNO},
  year = 2007,
  url = {https://de.unpacampaign.org/}
}

@book{schwartzberg,
  author    = {Joseph E. Schwartzberg}, 
  title     = {Transforming the United Nations System: Designs for a Workable World},
  publisher = {United Nations},
  year      = 2013,
  %isbn      = {9789280812305}
}
